<record><leader>00000cas a2200000 a 4500</leader><controlfield tag="001">12850502</controlfield><controlfield tag="008">851126d19281929nyuwr ne      0   h0yido </controlfield><datafield ind1=" " ind2=" " tag="010"><subfield code="a">sn2001058022</subfield></datafield><datafield ind1=" " ind2=" " tag="040"><subfield code="a">AUM</subfield><subfield code="b">eng</subfield><subfield code="c">AUM</subfield><subfield code="d">OCL</subfield><subfield code="d">DLC</subfield><subfield code="d">OCL</subfield><subfield code="d">DLC</subfield><subfield code="d">OCLCQ</subfield><subfield code="d">DLC</subfield><subfield code="d">OCLCQ</subfield><subfield code="d">OCLCF</subfield><subfield code="d">OCLCO</subfield><subfield code="d">OCLCQ</subfield></datafield><datafield ind1=" " ind2=" " tag="042"><subfield code="a">pcc</subfield></datafield><datafield ind1=" " ind2=" " tag="043"><subfield code="a">n-us---</subfield></datafield><datafield ind1="0" ind2="0" tag="050"><subfield code="a">Newspaper</subfield></datafield><datafield ind1="0" ind2="0" tag="245"><subfield code="a">Amerikaner froyen magazin un gazeten</subfield><subfield code="h">[microform] =</subfield><subfield code="b">The Jewish American women's magazine and gazette.</subfield></datafield><datafield ind1="3" ind2="1" tag="246"><subfield code="a">Jewish American women's magazine and gazette</subfield></datafield><datafield ind1=" " ind2=" " tag="260"><subfield code="a">New York :</subfield><subfield code="b">[publisher not identified]</subfield></datafield><datafield ind1=" " ind2=" " tag="300"><subfield code="a">2 volumes :</subfield><subfield code="b">illustrations ;</subfield><subfield code="c">42 cm</subfield></datafield><datafield ind1=" " ind2=" " tag="336"><subfield code="a">text</subfield><subfield code="b">txt</subfield><subfield code="2">rdacontent</subfield></datafield><datafield ind1=" " ind2=" " tag="337"><subfield code="a">unmediated</subfield><subfield code="b">n</subfield><subfield code="2">rdamedia</subfield></datafield><datafield ind1=" " ind2=" " tag="338"><subfield code="a">volume</subfield><subfield code="b">nc</subfield><subfield code="2">rdacarrier</subfield></datafield><datafield ind1="0" ind2=" " tag="362"><subfield code="a">Vol. 26, no. 25 (May 4, 1928)-v. 27, no. 34 (Jul. 5, 1929).</subfield></datafield><datafield ind1=" " ind2=" " tag="500"><subfield code="a">In Yiddish.</subfield></datafield><datafield ind1=" " ind2=" " tag="500"><subfield code="a">Title from caption.</subfield></datafield><datafield ind1=" " ind2=" " tag="515"><subfield code="a">Frequent misnumberings.</subfield></datafield><datafield ind1=" " ind2="0" tag="650"><subfield code="a">Jewish newspapers</subfield><subfield code="z">United States.</subfield></datafield><datafield ind1=" " ind2="0" tag="650"><subfield code="a">Jewish newspapers</subfield><subfield code="z">New York (State)</subfield><subfield code="z">New York.</subfield></datafield><datafield ind1=" " ind2="0" tag="651"><subfield code="a">New York (N.Y.)</subfield><subfield code="v">Newspapers.</subfield></datafield><datafield ind1=" " ind2="7" tag="650"><subfield code="a">Jewish newspapers.</subfield><subfield code="2">fast</subfield><subfield code="0">(OCoLC)fst00982872</subfield></datafield><datafield ind1=" " ind2="7" tag="651"><subfield code="a">New York (State)</subfield><subfield code="z">New York.</subfield><subfield code="2">fast</subfield><subfield code="0">(OCoLC)fst01204333</subfield></datafield><datafield ind1=" " ind2="7" tag="651"><subfield code="a">United States.</subfield><subfield code="2">fast</subfield><subfield code="0">(OCoLC)fst01204155</subfield></datafield><datafield ind1=" " ind2="7" tag="655"><subfield code="a">Newspapers.</subfield><subfield code="2">fast</subfield><subfield code="0">(OCoLC)fst01423814</subfield></datafield><datafield ind1="0" ind2="0" tag="780"><subfield code="t">Amerikaner un froyen magazin</subfield><subfield code="w">(DLC)sn2001058021</subfield><subfield code="w">(OCoLC)12824353</subfield></datafield><datafield ind1="0" ind2="0" tag="785"><subfield code="t">Amerikaner familien magazin un gazeten</subfield><subfield code="w">(DLC)sn2001058023</subfield><subfield code="w">(OCoLC)12829544</subfield></datafield><datafield ind1="1" ind2=" " tag="029"><subfield code="a">AU@</subfield><subfield code="b">000022778414</subfield></datafield></record>